% This file was created with JabRef 2.7.2.
% Encoding: ISO-8859-1

@INPROCEEDINGS{,
  author = {Samson Abramsky and Thomas P. Jensen},
  title = {A Relational Approach to Strictness Analysis for Higher-Order Polymorphic
	Functions},
  booktitle = {In Proc. ACM Symposium on Principles of Programming Languages},
  year = {1991},
  pages = {49-54},
  publisher = {ACM Press},
  owner = {matt},
  timestamp = {2012.03.23}
}

@ARTICLE{Albert02adeterministic,
  author = {Elvira Albert and Michael Hanus and Frank Huch and Javier Oliver
	and German Vidal},
  title = {A Deterministic Operational Semantics for Functional Logic Programs},
  journal = {Joint Conf. on Declarative Programming},
  year = {2002},
  pages = {207-222},
  owner = {matt},
  timestamp = {2011.12.14}
}

@ARTICLE{Pfenning2004,
  author = {Penny Anderson and Frank Pfenning},
  title = {Verifying Uniqueness in a Logical Framework},
  journal = {Proceedings of the 17th International Conference on Theorem Proving
	in Higher Order Logics},
  year = {2004},
  pages = {18-33},
  month = {September},
  owner = {matt},
  timestamp = {2011.12.14}
}

@ARTICLE{Sergio1994,
  author = {Antoy, S. and R. Echahed and Hanus, M.},
  title = {A Needed Narrowing Strategy},
  journal = {ACM Symposium on Principles of Programming Languages},
  year = {1994},
  pages = {268-279},
  owner = {matt},
  timestamp = {2011.12.14}
}

@ARTICLE{FLP,
  author = {Antoy, S. and Hanus, M.},
  title = {Functional Logic Programming},
  journal = {Communications of the ACM},
  year = {2010},
  volume = {53},
  pages = {74-85},
  number = {April},
  owner = {matt},
  timestamp = {2011.12.14}
}

@INPROCEEDINGS{StrictnessResourceTyping,
  author = {Erik Barendsen and Sjaak Smetsers},
  title = {Strictness Analysis via Resource Typing},
  booktitle = {Reflections on Type Theory, Lambda Calculus and the Mind},
  year = {2007},
  pages = {29-40},
  month = {December},
  abstract = {We present a new typing system for strictness analysis of functional
	
	programs. The system extends standard typing (including recursive
	data types)
	
	with strictness annotations and subtyping. Strictness typing is shown
	to be
	
	sound with respect to a natural operational semantics. We demonstrate
	that
	
	strictness types can be computed effectively.},
  owner = {matt},
  timestamp = {2012.03.23},
  url = {http://www.cs.ru.nl/barendregt60/essays/barendsen_smetsers/art02_barendsen_smetsers.pdf}
}

@INPROCEEDINGS{NondAnalISO,
  author = {Bra{\ss}el, B. and Hanus, M.},
  title = {Nondeterminism Analysis of Functional Logic Programs},
  booktitle = {Proceedings of the International Conference on Logic Programming
	(ICLP'05)},
  year = {2005},
  pages = {265-279},
  publisher = {Springer LNCS 3668},
  owner = {matt},
  timestamp = {2012.01.17}
}

@INPROCEEDINGS{Refinement,
  author = {Tim Freeman and Frank Pfenning},
  title = {Refinement Types for ML},
  booktitle = {SIGPLAN Symposium on Language Design and Implementation},
  year = {1991},
  pages = {268-277},
  address = {Toronto, Ontario},
  month = {June},
  publisher = {ACM Press},
  owner = {matt},
  timestamp = {2011.12.14}
}

@INPROCEEDINGS{Hanus00type-basednondeterminism,
  author = {Michael Hanus and Frank Steiner},
  title = {Type-based Nondeterminism Checking in Functional Logic Programs},
  booktitle = {In Proc. of the 2nd International ACM SIGPLAN Conference on Principles
	and Practice of Declarative Programming (PPDP 2000},
  year = {2000},
  pages = {202--213},
  publisher = {ACM Press}
}

@ELECTRONIC{Curry,
  author = {Hanus, M., Ed.},
  title = {Curry: An integrated functional logic language},
  url = {http://www.curry-language.org/},
  owner = {matt},
  timestamp = {2011.12.14}
}

@INPROCEEDINGS{Refinement2,
  author = {Frank Pfenning},
  title = {Refinement types for logical frameworks},
  booktitle = {Informal Proceedings of the Workshop on Types for Proofs and Programs},
  year = {1993},
  editor = {Herman Geuvers},
  pages = {285-299},
  address = {Nijmegen, The Netherlands},
  month = {May},
  owner = {matt},
  timestamp = {2011.12.14}
}

@BOOK{Pierce2002,
  title = {Types and Programming Languages},
  publisher = {The MIT Press},
  year = {2002},
  author = {Benjamin C. Pierce},
  owner = {matt},
  timestamp = {2011.12.14}
}

@ARTICLE{Pfenning1996,
  author = {Ekkehard Rohwedder and Frank Pfenning},
  title = {Mode and Termination Checking for Higher-Order Logic Programs},
  journal = {Proceedings of the European Symposium on Programming},
  year = {1996},
  pages = {296-310},
  month = {April},
  owner = {matt},
  timestamp = {2011.12.14}
}

@INPROCEEDINGS{StrictTotal,
  author = {Kirsten Solberg and Hanne Riis Nielson and Flemming Nielson},
  title = {Strictness and Totality Analysis},
  booktitle = {International Static Analysis Symposium, LNCS 983},
  year = {1994},
  pages = {408-422},
  owner = {matt},
  timestamp = {2012.03.23},
  url = {http://www.cs.ucla.edu/~palsberg/tba/papers/solberg-nielson-nielson-sas94.pdf}
}

